<?xml version="1.0" encoding="UTF-8"?><collection xmlns="http://www.loc.gov/MARC21/slim"><record><leader>00458nam--2200181-i-4500</leader><controlfield tag="001">000003717</controlfield><controlfield tag="002">20161230</controlfield><controlfield tag="005">20161230201025</controlfield><controlfield tag="008">060222s1000------------r-----000-0-rum-d</controlfield><datafield ind1=" " ind2=" " tag="040"><subfield code="a">IFIN-HH</subfield></datafield><datafield ind1=" " ind2=" " tag="041"><subfield code="a">rum</subfield></datafield><datafield ind1=" " ind2=" " tag="080"><subfield code="a">536(075.8)</subfield></datafield><datafield ind1="1" ind2=" " tag="100"><subfield code="a">Atanasiu, G</subfield></datafield><datafield ind1="1" ind2="0" tag="245"><subfield code="a">Curs de fizica generala</subfield><subfield code="b">Vol. i. caldura si termodinamica</subfield><subfield code="c">G. atanasiu</subfield></datafield><datafield ind1=" " ind2=" " tag="260"><subfield code="a">Bucuresti</subfield><subfield code="c">1949</subfield></datafield><datafield ind1=" " ind2=" " tag="300"><subfield code="a">166P. LITO</subfield></datafield><datafield ind1=" " ind2=" " tag="852"><subfield code="a">4608</subfield><subfield code="c">536</subfield></datafield><datafield ind1=" " ind2=" " tag="CAT"><subfield code="a">Sys</subfield><subfield code="c">20110503</subfield><subfield code="h">084237</subfield></datafield></record></collection>